

''%vision based
@article{park2023,
  title={Vision-Based In-Flight Collision Avoidance Control Based on Background Subtraction Using Embedded System},
  author={Park, Jeonghwan and Choi, Andrew Jaeyong},
  journal={Sensors},
  volume={23},
  number={14},
  pages={6297},
  year={2023},
  publisher={MDPI}
 }

%Lidar based
@inproceedings{kollabathula2023,
  title={Lidar based obstacle detection and avoidance system for micro-aerial vehicle},
  author={Kollabathula, Sanjay Varma and Balasubramanian, Anbarasu and Gottipati, Sumanth and Vadlapatla, Roshan and Satya, Kiran Naga Sai},
  booktitle={AIP Conference Proceedings},
  volume={2788},
  number={1},
  year={2023},
  organization={AIP Publishing}
  }
  
%Braking Control (Longitudinal)
@article{wang2015,
  title={Longitudinal collision mitigation via coordinated braking of multiple vehicles using model predictive control},
  author={Wang, Jian-Qiang and Li, Shengbo Eben and Zheng, Yang and Lu, Xiao-Yun},
  journal={Integrated Computer-Aided Engineering},
  volume={22},
  number={2},
  pages={171--185},
  year={2015},
  publisher={IOS Press}
}
%radar based

@phdthesis{moses2013,
  title={Radar based collision avoidance for unmanned aircraft systems},
  author={Moses, Allistair A},
  year={2013},
  school={University of Denver}
}

%steering control
@article{he2019,
  title={Emergency steering control of autonomous vehicle for collision avoidance and stabilisation},
  author={He, Xiangkun and Liu, Yulong and Lv, Chen and Ji, Xuewu and Liu, Yahui},
  journal={Vehicle system dynamics},
  volume={57},
  number={8},
  pages={1163--1187},
  year={2019},
  publisher={Taylor \& Francis}
}

%fuzzy logic control
@article{reignier1994,
  title={Fuzzy logic techniques for mobile robot obstacle avoidance},
  author={Reignier, Patrick},
  journal={Robotics and Autonomous Systems},
  volume={12},
  number={3-4},
  pages={143--153},
  year={1994},
  publisher={Elsevier}
}
%genetic algorithim 
@article{wang2021,
  title={Cooperative collision avoidance for unmanned surface vehicles based on improved genetic algorithm},
  author={Wang, Hongjian and Fu, Zhongjian and Zhou, Jiajia and Fu, Mingyu and Ruan, Li},
  journal={Ocean Engineering},
  volume={222},
  pages={108612},
  year={2021},
  publisher={Elsevier}
}
%v2v communication
@inproceedings{chakrabarty2019,
  title={Vehicle to Vehicle (V2V) communication for Collision avoidance for Multi-copters flying in UTM--TCL4},
  author={Chakrabarty, Anjan and Ippolito, Corey A and Baculi, Joshua and Krishnakumar, Kalmanje S and Hening, Sebastian},
  booktitle={AIAA Scitech 2019 Forum},
  pages={0690},
  year={2019}
}
%V2I communication
@article{khan2022,
  title={DSRC technology in vehicle-to-vehicle (V2V) and vehicle-to-infrastructure (V2I) IoT system for intelligent transportation system (ITS): A review},
  author={Khan, Aidil Redza and Jamlos, Mohd Faizal and Osman, Nurmadiha and Ishak, Muhammad Izhar and Dzaharudin, Fatimah and Yeow, You Kok and Khairi, Khairil Anuar},
  journal={Recent Trends in Mechatronics Towards Industry 4.0: Selected Articles from iM3F 2020, Malaysia},
  pages={97--106},
  year={2022},
  publisher={Springer}
}
%multisensor fusion
@techreport{cappello2015,
  title={Multi-sensor data fusion techniques for RPAS detect, track and avoid},
  author={Cappello, Francesco and Sabatini, Roberto and Ramasamy, Subramanian},
  year={2015},
  institution={SAE Technical Paper}
}
%deep learning
@article{li2020,
  title={Implementation of deep-learning algorithm for obstacle detection and collision avoidance for robotic harvester},
  author={Li, Yang and Iida, Michihisa and Suyama, Tomoya and Suguri, Masahiko and Masuda, Ryohei},
  journal={Computers and Electronics in Agriculture},
  volume={174},
  pages={105499},
  year={2020},
  publisher={Elsevier}
}
%MPC
@article{abbas2017,
  title={Obstacle avoidance in real time with nonlinear model predictive control of autonomous vehicles},
  author={Abbas, Muhammad Awais and Milman, Ruth and Eklund, J Mikael},
  journal={Canadian journal of electrical and computer engineering},
  volume={40},
  number={1},
  pages={12--22},
  year={2017},
  publisher={IEEE}
}

%control theory
@inproceedings{berard2008,
  title={Collision avoidance in intelligent transport systems: towards an application of control theory},
  author={B{\'e}rard, B{\'e}atrice and Haddad, Serge and Hillah, Lom Messan and Kordon, Fabrice and Thierry-Mieg, Yann},
  booktitle={2008 9th International Workshop on Discrete Event Systems},
  pages={346--351},
  year={2008},
  organization={IEEE}
}
%ML 
@article{yuan2022,
  title={Machine learning for next-generation intelligent transportation systems: A survey},
  author={Yuan, Tingting and da Rocha Neto, Wilson and Rothenberg, Christian Esteve and Obraczka, Katia and Barakat, Chadi and Turletti, Thierry},
  journal={Transactions on emerging telecommunications technologies},
  volume={33},
  number={4},
  pages={e4427},
  year={2022},
  publisher={Wiley Online Library}
}
%TOA 
@article{naikcloud2019,
  title={Cloud Based Intelligent Transportation System for Collision Avoidance},
  author={Naik, Chetana P and Gowripriya, MV and Shetty, Nishan and Prasada, Padma}
}
%sustainable env
@article{balasubramaniam2017,
  title={Comparative analysis of intelligent transportation systems for sustainable environment in smart cities},
  author={Balasubramaniam, Anandkumar and Paul, Anand and Hong, Won-Hwa and Seo, HyunCheol and Kim, Jeong Hong},
  journal={Sustainability},
  volume={9},
  number={7},
  pages={1120},
  year={2017},
  publisher={MDPI}
}
%vechile detection
@article{mukhtar2015,
  title={Vehicle detection techniques for collision avoidance systems: A review},
  author={Mukhtar, Amir and Xia, Likun and Tang, Tong Boon},
  journal={IEEE transactions on intelligent transportation systems},
  volume={16},
  number={5},
  pages={2318--2338},
  year={2015},
  publisher={IEEE}
}
%NLP IN IOV
@article{putri2021,
  title={Intelligent transportation systems (ITS): A systematic review using a Natural Language Processing (NLP) approach},
  author={Putri, Tsarina Dwi and others},
  journal={Heliyon},
  volume={7},
  number={12},
  year={2021},
  publisher={Elsevier}
}

%CARVNET
@article{kaur2022,
  title={An intelligent communication system for collision avoidance on roads: A smart city application},
  author={Kaur, Karandeep and Verma, Harsh K},
  journal={Computers and Electrical Engineering},
  volume={103},
  pages={108398},
  year={2022},
  publisher={Elsevier}
}

%speed based
@article{song2018,
  title={Lane detection and classification for forward collision warning system based on stereo vision},
  author={Song, Wenjie and Yang, Yi and Fu, Mengyin and Li, Yujun and Wang, Meiling},
  journal={IEEE Sensors Journal},
  volume={18},
  number={12},
  pages={5151--5163},
  year={2018},
  publisher={IEEE}
}